<?xml version="1.0" encoding="UTF-8"?><record xmlns="http://www.loc.gov/MARC21/slim" xmlns:cinclude="http://apache.org/cocoon/include/1.0" xmlns:zs="http://www.loc.gov/zing/srw/">
  <leader>01843cz  a2200265n  4500</leader>
  <controlfield tag="001">no2011133112</controlfield>
  <controlfield tag="003">DLC</controlfield>
  <controlfield tag="005">20110901075616.0</controlfield>
  <controlfield tag="008">110825n| acannaabn          |a ana     c</controlfield>
  <datafield tag="010" ind1=" " ind2=" ">
    <subfield code="a">no2011133112</subfield>
  </datafield>
  <datafield tag="035" ind1=" " ind2=" ">
    <subfield code="a">(OCoLC)oca08956877</subfield>
  </datafield>
  <datafield tag="035" ind1=" " ind2=" ">
    <subfield code="a">(Uk)008241559</subfield>
  </datafield>
  <datafield tag="040" ind1=" " ind2=" ">
    <subfield code="a">WaU</subfield>
    <subfield code="b">eng</subfield>
    <subfield code="c">WaU</subfield>
    <subfield code="d">Uk</subfield>
  </datafield>
  <datafield tag="110" ind1="2" ind2=" ">
    <subfield code="a">Yeni Cami (Malatya, Turkey)</subfield>
  </datafield>
  <datafield tag="410" ind1="2" ind2=" ">
    <subfield code="a">Hacı Yusuf Taş Cami (Malatya, Turkey)</subfield>
  </datafield>
  <datafield tag="410" ind1="2" ind2=" ">
    <subfield code="a">Malatya Yeni Cami (Malatya, Turkey)</subfield>
  </datafield>
  <datafield tag="410" ind1="2" ind2=" ">
    <subfield code="a">Yeni Mosque (Malatya, Turkey)</subfield>
  </datafield>
  <datafield tag="410" ind1="2" ind2=" ">
    <subfield code="a">New Mosque (Malatya, Turkey)</subfield>
  </datafield>
  <datafield tag="670" ind1=" " ind2=" ">
    <subfield code="a">Tony Landreau Collection on Turkish Carpet Weaving and Village Life website, Aug. 22, 2011:</subfield>
    <subfield code="b">slide MAL0004.jpg (name not given)</subfield>
  </datafield>
  <datafield tag="670" ind1=" " ind2=" ">
    <subfield code="a">Kenthaber website, 22 Aug. 2011:</subfield>
    <subfield code="b">Malatya &gt; Cami ve mescitler &gt; Yeni Cami (Yeni Cami; Malatya)</subfield>
    <subfield code="u">http://www.kenthaber.com/dogu-anadolu/malatya/merkez/Rehber/cami-ve-mescitler/yeni-cami</subfield>
  </datafield>
  <datafield tag="670" ind1=" " ind2=" ">
    <subfield code="a">Malatya İl Kültür ve Turizm Müdürlüğü website, 22 Aug. 2011:</subfield>
    <subfield code="b">Turizm aktiviteleri &gt; Kültür turizmi &gt; Diğer tarihi yapılar &gt; Yeni Cami (Hacı Yusuf Taş Cami) (Yeni Cami (Hacı Yusuf Taş Cami))</subfield>
    <subfield code="u">http://www.malatyakulturturizm.gov.tr/belge/1-61751/yeni-cami-haci-yusuf-tas-cami.html</subfield>
  </datafield>
  <datafield tag="670" ind1=" " ind2=" ">
    <subfield code="a">Gezikolik.com website, viewed 22 Aug. 2011:</subfield>
    <subfield code="b">Kategoriler &gt; Tarih-Kültür &gt; Camiler &gt; Malatya &gt; Malatya Yeni Cami (Malatya Yeni Cami)</subfield>
  </datafield>
  <datafield tag="670" ind1=" " ind2=" ">
    <subfield code="a">www.goturkey.com website, viewed 22 Aug. 2011:</subfield>
    <subfield code="b">City guide &gt; Malatya &gt; Where to visit &gt; Mosques and mousoleums [sic] (Yeni Mosque)</subfield>
    <subfield code="u">http://www.kultur.gov.tr/EN/belge/2-21355/mosques-and-mousoleums.html</subfield>
  </datafield>
  <datafield tag="670" ind1=" " ind2=" ">
    <subfield code="a">Turkish Airlines skylife, Jan. 2010, viewed online 22 Aug. 2011:</subfield>
    <subfield code="b">Apricot Orchard of Turkey (Yeni Cami (New Mosque), built 1912)</subfield>
    <subfield code="u">http://www.turkishairlines.com/en-INT/skylife/2010/january/articles/apricot-orchard-of-turkey.aspx</subfield>
  </datafield>
  <datafield tag="675" ind1=" " ind2=" ">
    <subfield code="a">Wikipedia, 22 Aug. 2011</subfield>
  </datafield>
</record>